@ELECTRONIC{wiki,
title={Shortest seek first},
month={December},
url={https://en.wikipedia.org/wiki/Shortest_seek_first}
}