@ELECTRONIC{FreeBSD,
author={Marshall Kirk McCusick and George V. Neville-Neil},
title={Design and Implementation of the FreeBSD Operating System 2/e},
year={2015},
}
@ELECTRONIC{Windows,
author={Mark Russinovich David Solomon and Alex Ionescu},
title={Windows Internals, Part 1 6/e},
year={2012},
}
@ELECTRONIC{FreeBSD2,
author={Bryan K. Ogawa},
title={A programmer's guide to thread programming on FreeBSD},
url={http://www.unobvious.com/bsd/freebsd-threads.html},
}
@ELECTRONIC{kernel_thread,
author={corbet},
title={Kernel threads made easy},
url={https://lwn.net/Articles/65178/},
}
@ELECTRONIC{pthread,
author={Angel.King.47},
title={Simple pthread! C++},
url={http://stackoverflow.com/questions/1135964/simple-pthread-c},
}