@ELECTRONIC{qemu_flags,
author={Anthony Liguori},
title={QEMU Emulator User Documentation},
month={January},
url={http://wiki.qemu.org/download/qemu-doc.html}
}
@ELECTRONIC{sOverflow,
author={SpiderRico},
title={Consumer/Producer with pthreads having waiting times},
month={March},
url={http://stackoverflow.com/questions/29317969/consumer-producer-with-pthreads-having-waiting-times}
}